@incollection{cao2012spatial,
  title={Spatial keyword querying},
  author={Cao, Xin and Chen, Lisi and Cong, Gao and Jensen, Christian S and Qu, Qiang and Skovsgaard, Anders and Wu, Dingming and Yiu, Man Lung},
  booktitle={Conceptual Modeling},
  pages={16--29},
  year={2012},
  publisher={Springer}
}

@inproceedings{zhang2013scalable,
	title={Scalable top-k spatial keyword search},
	author={Zhang, Dongxiang and Tan, Kian-Lee and Tung, Anthony KH},
	booktitle={Proceedings of the 16th International Conference on Extending Database Technology},
	pages={359--370},
	year={2013},
	organization={ACM}
}

@article{chen2013spatial,
	title={Spatial keyword query processing: an experimental evaluation},
	author={Chen, Lisi and Cong, Gao and Jensen, Christian S and Wu, Dingming},
	journal={Proceedings of the VLDB Endowment},
	volume={6},
	number={3},
	pages={217--228},
	year={2013},
	publisher={VLDB Endowment}
}

@incollection{rocha2011efficient,
	title={Efficient processing of top-k spatial keyword queries},
	author={Rocha-Junior, Jo{\~a}o B and Gkorgkas, Orestis and Jonassen, Simon and N{\o}rv{\aa}g, Kjetil},
	booktitle={Advances in Spatial and Temporal Databases},
	pages={205--222},
	year={2011},
	publisher={Springer}
}

@article{cong2009efficient,
	title={Efficient retrieval of the top-k most relevant spatial web objects},
	author={Cong, Gao and Jensen, Christian S and Wu, Dingming},
	journal={Proceedings of the VLDB Endowment},
	volume={2},
	number={1},
	pages={337--348},
	year={2009},
	publisher={VLDB Endowment}
}	

@inproceedings{skovsgaard2014top,
	title={Top-k point of interest retrieval using standard indexes},
	author={Skovsgaard, Anders and Jensen, Christian S},
	booktitle={Proceedings of the 22nd ACM SIGSPATIAL International Conference on Advances in Geographic Information Systems},
	pages={173--182},
	year={2014},
	organization={ACM}
}

@book{guttman1984r,
	title={R-trees: a dynamic index structure for spatial searching},
	author={Guttman, Antonin},
	volume={14},
	number={2},
	year={1984},
	publisher={ACM}
}

@article{zobel2006inverted,
	title={Inverted files for text search engines},
	author={Zobel, Justin and Moffat, Alistair},
	journal={ACM computing surveys (CSUR)},
	volume={38},
	number={2},
	pages={6},
	year={2006},
	publisher={ACM}
}

@inproceedings{cary2010efficient,
	title={Efficient and scalable method for processing top-k spatial boolean queries},
	author={Cary, Ariel and Wolfson, Ouri and Rishe, Naphtali},
	booktitle={Scientific and Statistical Database Management},
	pages={87--95},
	year={2010},
	organization={Springer}
}

@article{zobel1998inverted,
	title={Inverted files versus signature files for text indexing},
	author={Zobel, Justin and Moffat, Alistair and Ramamohanarao, Kotagiri},
	journal={ACM Transactions on Database Systems (TODS)},
	volume={23},
	number={4},
	pages={453--490},
	year={1998},
	publisher={ACM}
}
